<record><leader>00000cas a22000007a 4500</leader><controlfield tag="001">12038552</controlfield><controlfield tag="008">850515d1897189uinucr ne      0    0eng d</controlfield><datafield ind1=" " ind2=" " tag="010"><subfield code="a">sn 85047817 </subfield></datafield><datafield ind1=" " ind2=" " tag="040"><subfield code="a">NPI</subfield><subfield code="b">eng</subfield><subfield code="c">NPI</subfield><subfield code="d">OCLCQ</subfield><subfield code="d">IUL</subfield><subfield code="d">OCLCF</subfield></datafield><datafield ind1=" " ind2=" " tag="042"><subfield code="a">msc</subfield></datafield><datafield ind1=" " ind2=" " tag="043"><subfield code="a">n-us-in</subfield></datafield><datafield ind1="0" ind2="4" tag="245"><subfield code="a">The Shelby twice-a-week Republican.</subfield></datafield><datafield ind1=" " ind2=" " tag="260"><subfield code="a">Shelbyville, Ind. :</subfield><subfield code="b">Shelby Print. Co.,</subfield><subfield code="c">1897-</subfield></datafield><datafield ind1=" " ind2=" " tag="300"><subfield code="a">v. :</subfield><subfield code="b">ill.</subfield></datafield><datafield ind1=" " ind2=" " tag="310"><subfield code="a">Semiweekly</subfield></datafield><datafield ind1="0" ind2=" " tag="362"><subfield code="a">Vol. 30, no. 91 (Feb. 2, 1897)-</subfield></datafield><datafield ind1=" " ind2="0" tag="651"><subfield code="a">Shelbyville (Ind.)</subfield><subfield code="v">Newspapers.</subfield></datafield><datafield ind1=" " ind2="0" tag="651"><subfield code="a">Shelby County (Ind.)</subfield><subfield code="v">Newspapers.</subfield></datafield><datafield ind1=" " ind2="7" tag="651"><subfield code="a">Indiana</subfield><subfield code="z">Shelby County.</subfield><subfield code="2">fast</subfield><subfield code="0">(OCoLC)fst01218143</subfield></datafield><datafield ind1=" " ind2="7" tag="651"><subfield code="a">Indiana</subfield><subfield code="z">Shelbyville.</subfield><subfield code="2">fast</subfield><subfield code="0">(OCoLC)fst01218142</subfield></datafield><datafield ind1=" " ind2="7" tag="655"><subfield code="a">Newspapers.</subfield><subfield code="2">fast</subfield><subfield code="0">(OCoLC)fst01423814</subfield></datafield><datafield ind1=" " ind2=" " tag="752"><subfield code="a">United States</subfield><subfield code="b">Indiana</subfield><subfield code="c">Shelby</subfield><subfield code="d">Shelbyville.</subfield></datafield><datafield ind1="0" ind2="0" tag="780"><subfield code="t">Semi-weekly Republican (Shelbyville, Ind.)</subfield><subfield code="w">(DLC)sn 85047816</subfield><subfield code="w">(OCoLC)12038404</subfield></datafield><datafield ind1="0" ind2="6" tag="785"><subfield code="t">Tuesday Republican (Shelbyville, Ind.)</subfield><subfield code="w">(DLC)sn 85048150</subfield><subfield code="w">(OCoLC)12733178</subfield></datafield><datafield ind1="0" ind2="6" tag="785"><subfield code="t">Friday Republican (Shelbyville, Ind.)</subfield><subfield code="w">(DLC)sn 85048193</subfield><subfield code="w">(OCoLC)12733265</subfield></datafield></record>